<?xml version="1.0" encoding="UTF-8"?><record xmlns="http://www.loc.gov/MARC21/slim" xmlns:cinclude="http://apache.org/cocoon/include/1.0" xmlns:zs="http://www.loc.gov/zing/srw/">
  <leader>00354cz  a2200121n  4500</leader>
  <controlfield tag="001">n  90629857 </controlfield>
  <controlfield tag="003">DLC</controlfield>
  <controlfield tag="005">19911129132612.0</controlfield>
  <controlfield tag="008">900409n| acannaab|          |n aaa |||  </controlfield>
  <datafield tag="010" ind1=" " ind2=" ">
    <subfield code="a">n  90629857 </subfield>
  </datafield>
  <datafield tag="040" ind1=" " ind2=" ">
    <subfield code="a">DLC</subfield>
    <subfield code="c">DLC</subfield>
    <subfield code="d">DLC</subfield>
  </datafield>
  <datafield tag="100" ind1="1" ind2="0">
    <subfield code="a">Engelmann, Susanne</subfield>
  </datafield>
  <datafield tag="670" ind1=" " ind2=" ">
    <subfield code="a">Library and informations services in the USSR, c1987 (1989printing):</subfield>
    <subfield code="b">t.p. (Susanne Engelmann)</subfield>
  </datafield>
</record>